<record><leader>00000cai a2200000 i 4500</leader><controlfield tag="001">62313540</controlfield><controlfield tag="006">m     o  d        </controlfield><controlfield tag="007">cr mn||||m|u||</controlfield><controlfield tag="008">051121c20uu9999miuar deo     0    2eng c</controlfield><datafield ind1=" " ind2=" " tag="010"><subfield code="a">  2015254027</subfield></datafield><datafield ind1=" " ind2=" " tag="040"><subfield code="a">EMU</subfield><subfield code="b">eng</subfield><subfield code="e">rda</subfield><subfield code="c">EMU</subfield><subfield code="d">ZYU</subfield><subfield code="d">LRU</subfield><subfield code="d">OCLCO</subfield><subfield code="d">OCLCQ</subfield><subfield code="d">OSU</subfield><subfield code="d">NUI</subfield><subfield code="d">OCLCF</subfield><subfield code="d">LGG</subfield><subfield code="d">QGK</subfield><subfield code="d">IAS</subfield><subfield code="d">OCLCO</subfield><subfield code="d">VT2</subfield><subfield code="d">UAT</subfield><subfield code="d">CUS</subfield><subfield code="d">OCLCO</subfield><subfield code="d">NRC</subfield></datafield><datafield ind1=" " ind2=" " tag="019"><subfield code="a">60565486</subfield><subfield code="a">61523605</subfield><subfield code="a">587473368</subfield><subfield code="a">722297026</subfield><subfield code="a">795110373</subfield><subfield code="a">849563318</subfield><subfield code="a">855300379</subfield><subfield code="a">858648789</subfield><subfield code="a">871802246</subfield><subfield code="a">964529721</subfield></datafield><datafield ind1="1" ind2=" " tag="029"><subfield code="a">NZ1</subfield><subfield code="b">11923510</subfield></datafield><datafield ind1=" " ind2=" " tag="042"><subfield code="a">pcc</subfield></datafield><datafield ind1=" " ind2=" " tag="043"><subfield code="a">n-us-ny</subfield></datafield><datafield ind1="1" ind2="4" tag="050"><subfield code="a">PN4899.N45</subfield></datafield><datafield ind1=" " ind2=" " tag="084"><subfield code="a">01.42</subfield><subfield code="2">bcl</subfield></datafield><datafield ind1="0" ind2="0" tag="245"><subfield code="a">ProQuest historical newspapers.</subfield><subfield code="p">The New York times.</subfield></datafield><datafield ind1="3" ind2=" " tag="246"><subfield code="a">New York times</subfield></datafield><datafield ind1="1" ind2=" " tag="246"><subfield code="a">Historical New York times</subfield></datafield><datafield ind1="1" ind2=" " tag="246"><subfield code="a">News -- the historical New York times</subfield></datafield><datafield ind1="1" ind2=" " tag="246"><subfield code="a">New York Times historical</subfield></datafield><datafield ind1=" " ind2="1" tag="264"><subfield code="a">[Ann Arbor, Mich.] :</subfield><subfield code="b">ProQuest LLC</subfield></datafield><datafield ind1=" " ind2=" " tag="300"><subfield code="a">1 online resource</subfield></datafield><datafield ind1=" " ind2=" " tag="310"><subfield code="a">Updated annually</subfield></datafield><datafield ind1=" " ind2=" " tag="336"><subfield code="a">text</subfield><subfield code="b">txt</subfield><subfield code="2">rdacontent</subfield></datafield><datafield ind1=" " ind2=" " tag="337"><subfield code="a">computer</subfield><subfield code="b">c</subfield><subfield code="2">rdamedia</subfield></datafield><datafield ind1=" " ind2=" " tag="338"><subfield code="a">online resource</subfield><subfield code="b">cr</subfield><subfield code="2">rdacarrier</subfield></datafield><datafield ind1=" " ind2=" " tag="520"><subfield code="a">This database offers full-page images and article images from the New York Times dating back to 1851 (called New York daily times, 1851-1857). Digital reproductions of every page from every issue, cover to cover, in downloadable PDF files. It provides genealogists, researchers and scholars with online, easily-searchable first-hand accounts and coverage of the politics, society and events of the time.</subfield></datafield><datafield ind1=" " ind2=" " tag="588"><subfield code="a">Description based on contents viewed on June 29, 2015.</subfield></datafield><datafield ind1=" " ind2="0" tag="650"><subfield code="a">American newspapers</subfield><subfield code="z">United States.</subfield></datafield><datafield ind1=" " ind2="0" tag="651"><subfield code="a">New York (N.Y.)</subfield><subfield code="v">Newspapers.</subfield></datafield><datafield ind1=" " ind2="7" tag="650"><subfield code="a">American newspapers.</subfield><subfield code="2">fast</subfield><subfield code="0">(OCoLC)fst00807293</subfield></datafield><datafield ind1=" " ind2="7" tag="651"><subfield code="a">New York (State)</subfield><subfield code="z">New York.</subfield><subfield code="2">fast</subfield><subfield code="0">(OCoLC)fst01204333</subfield></datafield><datafield ind1=" " ind2="7" tag="651"><subfield code="a">United States.</subfield><subfield code="2">fast</subfield><subfield code="0">(OCoLC)fst01204155</subfield></datafield><datafield ind1="1" ind2="7" tag="650"><subfield code="a">New York Times (dagblad)</subfield><subfield code="2">gtt</subfield></datafield><datafield ind1=" " ind2="7" tag="651"><subfield code="a">Verenigde Staten.</subfield><subfield code="2">gtt</subfield></datafield><datafield ind1=" " ind2="4" tag="650"><subfield code="a">American newspapers.</subfield><subfield code="0">(OCoLC)fst00807293</subfield></datafield><datafield ind1="1" ind2="4" tag="650"><subfield code="a">New York Times (dagblad)</subfield></datafield><datafield ind1=" " ind2="7" tag="655"><subfield code="a">Kranten (vorm)</subfield><subfield code="2">gtt</subfield></datafield><datafield ind1=" " ind2="7" tag="655"><subfield code="a">Newspapers.</subfield><subfield code="2">fast</subfield><subfield code="0">(OCoLC)fst01423814</subfield></datafield><datafield ind1="2" ind2=" " tag="710"><subfield code="a">ProQuest (Firm),</subfield><subfield code="e">issuing body.</subfield></datafield><datafield ind1=" " ind2=" " tag="752"><subfield code="a">United States</subfield><subfield code="b">New York</subfield><subfield code="d">New York.</subfield></datafield><datafield ind1="0" ind2="8" tag="773"><subfield code="i">Contained in (work):</subfield><subfield code="t">ProQuest historical newspapers.</subfield><subfield code="d">[Ann Arbor, Mich.] : UMI</subfield><subfield code="w">(DLC)  2015254026</subfield><subfield code="w">(OCoLC)48770319</subfield></datafield><datafield ind1="0" ind2="8" tag="776"><subfield code="i">Print version:</subfield><subfield code="t">New-York daily times</subfield><subfield code="w">(DLC)sn 83030746</subfield><subfield code="w">(OCoLC)7919228</subfield></datafield><datafield ind1="0" ind2="8" tag="776"><subfield code="i">Print version:</subfield><subfield code="t">New York times</subfield><subfield code="x">0362-4331</subfield><subfield code="w">(DLC)sn 78004456</subfield><subfield code="w">(OCoLC)1645522</subfield></datafield><datafield ind1="0" ind2="8" tag="776"><subfield code="i">Microfilm version:</subfield><subfield code="t">New-York daily times</subfield><subfield code="w">(OCoLC)7487532</subfield></datafield><datafield ind1="0" ind2="8" tag="776"><subfield code="i">Microfilm version:</subfield><subfield code="t">New York times</subfield><subfield code="w">(OCoLC)13446366</subfield></datafield><datafield ind1="4" ind2="0" tag="856"><subfield code="u">http://search.proquest.com/hnpnewyorktimes/</subfield></datafield></record>